<?xml version="1.0" encoding="UTF-8"?><collection xmlns="http://www.loc.gov/MARC21/slim"><record><leader>00375nam--2200121-i-4500</leader><controlfield tag="001">000017443</controlfield><controlfield tag="002">20161230</controlfield><controlfield tag="005">20161230201032</controlfield><controlfield tag="008">060222s1000------------r-----000-0-eng-d</controlfield><datafield ind1=" " ind2=" " tag="080"><subfield code="a">621.316.3/9.027</subfield></datafield><datafield ind1=" " ind2=" " tag="245"><subfield code="a">Aparate electrice de inalta tensiune si joasa tensiune. manua pentru scolile profesionale</subfield></datafield><datafield ind1=" " ind2=" " tag="260"><subfield code="a">Bucuresti, Editura Energetica De Stat, 1954. 194 P</subfield></datafield><datafield ind1=" " ind2=" " tag="852"><subfield code="a">3460</subfield></datafield></record></collection>